<?xml version="1.0" encoding="UTF-8"?><collection xmlns="http://www.loc.gov/MARC21/slim"><record><leader>00417nam--2200133-i-4500</leader><controlfield tag="001">000039302</controlfield><controlfield tag="002">20161230</controlfield><controlfield tag="005">20161230201042</controlfield><controlfield tag="008">060222s1000------------r-----000-0-eng-d</controlfield><datafield ind1=" " ind2=" " tag="080"><subfield code="a">621.385:621.396.62</subfield></datafield><datafield ind1=" " ind2=" " tag="100"><subfield code="a">Rodenhuis,E</subfield></datafield><datafield ind1=" " ind2=" " tag="245"><subfield code="a">Tubes pour appareils piles-secteurs. manuel poour amplois des tubes batteries dans les recepteurs piles-secteurs</subfield></datafield><datafield ind1=" " ind2=" " tag="260"><subfield code="a">Eindhoven, Philips, 1956. Vii + 189 P</subfield></datafield><datafield ind1=" " ind2=" " tag="852"><subfield code="a">13172</subfield></datafield></record></collection>